<record><leader>00000cas a22000007a 4500</leader><controlfield tag="001">1554958</controlfield><controlfield tag="008">750817d18841967mnuwr ne      0    0eng d</controlfield><datafield ind1=" " ind2=" " tag="010"><subfield code="a">sn 90059070 </subfield></datafield><datafield ind1=" " ind2=" " tag="040"><subfield code="a">MUL</subfield><subfield code="b">eng</subfield><subfield code="c">MUL</subfield><subfield code="d">OCL</subfield><subfield code="d">MN#</subfield><subfield code="d">OCLCQ</subfield><subfield code="d">OCLCF</subfield><subfield code="d">OCLCO</subfield></datafield><datafield ind1=" " ind2=" " tag="042"><subfield code="a">msc</subfield></datafield><datafield ind1=" " ind2=" " tag="043"><subfield code="a">n-us-mn</subfield></datafield><datafield ind1=" " ind2=" " tag="052"><subfield code="a">4144</subfield><subfield code="b">C6</subfield></datafield><datafield ind1=" " ind2=" " tag="052"><subfield code="a">4143</subfield><subfield code="b">C2</subfield></datafield><datafield ind1="0" ind2=" " tag="130"><subfield code="a">Pine knot (Cloquet, Minn. : 1884)</subfield></datafield><datafield ind1="1" ind2="4" tag="245"><subfield code="a">The pine knot.</subfield></datafield><datafield ind1="3" ind2="0" tag="246"><subfield code="a">Pine knot vidette</subfield></datafield><datafield ind1=" " ind2=" " tag="260"><subfield code="a">Cloquet, Carlton County, Minn. :</subfield><subfield code="b">W.J. Bates,</subfield><subfield code="c">-1967.</subfield></datafield><datafield ind1=" " ind2=" " tag="300"><subfield code="a">v.</subfield></datafield><datafield ind1=" " ind2=" " tag="310"><subfield code="a">Weekly</subfield></datafield><datafield ind1="1" ind2=" " tag="362"><subfield code="a">Began in July 1884.</subfield></datafield><datafield ind1="0" ind2=" " tag="362"><subfield code="a">-v. 84, no. 1 (Jan. 24, 1967).</subfield></datafield><datafield ind1=" " ind2=" " tag="500"><subfield code="a">Published as: The pine knot-vidette, Jan. 22-Dec 13, 1890.</subfield></datafield><datafield ind1=" " ind2=" " tag="530"><subfield code="a">Available on microfilm from the Minnesota Historical Society.</subfield></datafield><datafield ind1=" " ind2=" " tag="588"><subfield code="a">Description based on: Vol. 3, no. 25 (Dec. 25, 1886).</subfield></datafield><datafield ind1=" " ind2="0" tag="651"><subfield code="a">Cloquet (Minn.)</subfield><subfield code="v">Newspapers.</subfield></datafield><datafield ind1=" " ind2="7" tag="655"><subfield code="a">Newspapers.</subfield><subfield code="2">fast</subfield><subfield code="0">(OCoLC)fst01423814</subfield></datafield><datafield ind1=" " ind2="7" tag="651"><subfield code="a">Minnesota</subfield><subfield code="z">Cloquet.</subfield><subfield code="2">fast</subfield><subfield code="0">(OCoLC)fst01230475</subfield></datafield><datafield ind1=" " ind2=" " tag="752"><subfield code="a">United States</subfield><subfield code="b">Minnesota</subfield><subfield code="c">Carlton</subfield><subfield code="d">Cloquet.</subfield></datafield><datafield ind1="0" ind2="5" tag="780"><subfield code="t">Carlton County press</subfield></datafield><datafield ind1="0" ind2="5" tag="780"><subfield code="t">Industrial vidette</subfield><subfield code="w">(DLC)sn 91059441</subfield></datafield><datafield ind1="0" ind2="7" tag="785"><subfield code="t">Carlton County news graphic</subfield><subfield code="w">(DLC)sn 90059071</subfield></datafield><datafield ind1="0" ind2="7" tag="785"><subfield code="t">Cloquet pine knot news graphic</subfield><subfield code="w">(DLC)sn 90059072</subfield></datafield></record>